@mastersthesis{picoli2011arquitetura,
  title={Arquitetura cliente-servidor em jogos multiplayer},
  author={Picoli, Ivan Luiz},
  type={{B.S.} thesis},
  year={2011},
  school={Universidade Tecnol{\'o}gica Federal do Paran{\'a}}
}

@article{moreno2019aplicaccao,
  title={Aplica{\c{c}}{\~a}o de controle remoto usando jogos s{\'e}rios baseado no protocolo de comunica{\c{c}}{\~a}o UDP},
  author={Moreno Villamizar, Jose Yecid and Escalante Ortega, Duvian Albeiro and Siqueira, Adriano Almeida Gon{\c{c}}alves},
  journal={Anais},
  year={2019}
}

@mastersthesis{silva2017desenvolvimento,
  title={Desenvolvimento de aplicativo para ado{\c{c}}{\~a}o de animais abandonados utilizando a linguagem de programa{\c{c}}{\~a}o Kotlin e programa{\c{c}}{\~a}o reativa},
  author={Silva Filho, Gerson Luis Ferreira da},
  type={{B.S.} thesis},
  year={2017},
  school={Universidade Tecnol{\'o}gica Federal do Paran{\'a}}
}

@book{jemerov2017kotlin,
  title={Kotlin em a{\c{c}}{\~a}o},
  author={Jemerov, Dmitry and Isakova, Svetlana},
  year={2017},
  publisher={Novatec Editora}
}
@book{stevens2011tcp,
  title={TCP/IP Illustrated},
  author={Stevens, W Richard and Wright, Gary R},
  volume={1},
  year={2011},
  publisher={Addison-Wesley}
}
@book{leiva2019kotlin,
  title={Kotlin for Android Developers},
  author={Leiva, Antonio},
  year={2019},
  publisher={Antonio Leiva}
}
@book{saunders_fields_belayev_2013,
title={IntelliJ Idea in Action},
author={Saunders, Stephen and Fields, Duane K. and Belayev, Eugene},
year={2013},
publisher={HANNING}
}

@book{smyth2020android,
  title={Android Studio 4.0 Development Essentials-Kotlin Edition},
  author={Smyth, Neil},
  year={2020},
  publisher={eBookFrenzy}
}
@book{kurose2013computer,
  title={Redes de Computadores: Uma Abordagem Top-Down},
  author={Kurose, James F. and Ross, Keith W.},
  year={2013},
  publisher={Pearson Education do Brasil}
}

@book{forouzan2018comunicacao,
title={Comunicação de dados e redes de computadores},
author={Forouzan, Behrouz A and Fegan, Sophia Chung},
edition={7},
year={2018},
publisher={AMGH Editora}
}

@book{tanenbaum2011redes,
title={Redes de computadores},
author={Tanenbaum, Andrew S and Wetherall, David},
edition={5},
year={2011},
publisher={Pearson}
}

@book{stallings2017redes,
title={Redes e sistemas de comunicação de dados: teoria e aplicações},
author={Stallings, William},
edition={7},
year={2017},
publisher={AMGH Editora}
}

@book{neuman2003redes,
title={Redes de Computadores e a Internet},
author={Neuman, Clifford and Tsai, Timothy M},
year={2003},
publisher={Campus}
}

@book{subramaniam2017programming,
  title={Programming Kotlin},
  author={Subramaniam, Venkat},
  year={2017},
  publisher={Pragmatic Bookshelf}
}

@book{mccarthy2019kotlin,
  title={Kotlin for Android App Development},
  author={McCarthy, Paul B. and Kandalov, Dmitry},
  year={2019},
  publisher={Packt Publishing}
}


@book{sarkar2020android,
  title={Android Studio 4.1 Development Essentials - Java Edition: Developing Android Apps Using Android Studio 4.1, Java and Kotlin},
  author={Sarkar, Neil and Ho, Omkar and John, Nadeem},
  year={2020},
  publisher={Payload Media}
}

@book{gazzola2020desenvolvimento,
  title={Desenvolvimento de aplicativos Android: guia pr{\'a}tico e completo},
  author={Gazzola, Rafael},
  year={2020},
  publisher={Novatec Editora}
}